<record><leader>00000cas a22000007a 4500</leader><controlfield tag="001">13979229</controlfield><controlfield tag="008">860729d19521953couwr ne      0    0eng d</controlfield><datafield ind1=" " ind2=" " tag="010"><subfield code="a">sn 86091405 </subfield></datafield><datafield ind1=" " ind2=" " tag="040"><subfield code="a">UNP</subfield><subfield code="b">eng</subfield><subfield code="c">UNP</subfield><subfield code="d">NSD</subfield><subfield code="d">CNQ</subfield><subfield code="d">OCLCQ</subfield></datafield><datafield ind1=" " ind2=" " tag="042"><subfield code="a">msc</subfield></datafield><datafield ind1="0" ind2="4" tag="245"><subfield code="a">The Dove Creek press and San Juan record.</subfield></datafield><datafield ind1="1" ind2="7" tag="246"><subfield code="a">Dove Creek press</subfield></datafield><datafield ind1="1" ind2="7" tag="246"><subfield code="a">San Juan record</subfield></datafield><datafield ind1=" " ind2=" " tag="260"><subfield code="a">Dove Creek, Colo. :</subfield><subfield code="b">B.J. Brewington,</subfield><subfield code="c">1952-1953.</subfield></datafield><datafield ind1=" " ind2=" " tag="300"><subfield code="a">v.</subfield></datafield><datafield ind1=" " ind2=" " tag="310"><subfield code="a">Weekly</subfield></datafield><datafield ind1="0" ind2=" " tag="362"><subfield code="a">Vol. 13, no. 28 (Nov. 14, 1952)-v. 13, no. 47 (Apr. 23, 1953).</subfield></datafield><datafield ind1=" " ind2=" " tag="500"><subfield code="a">"Devoted to the growth and development of Dolores County, Colo. and San Juan County, Utah."</subfield></datafield><datafield ind1=" " ind2=" " tag="580"><subfield code="a">Formed by the union of: Dove Creek press (Dove Creek, Colo. : 1939), and: San Juan record (Monticello, Utah : 1915), continuing the numbering of the former.</subfield></datafield><datafield ind1=" " ind2=" " tag="580"><subfield code="a">Split into: Dove Creek press (Dove Creek, Colo. : 1953), and: San Juan record (Monticello, Utah : 1953).</subfield></datafield><datafield ind1=" " ind2=" " tag="752"><subfield code="a">United States</subfield><subfield code="b">Colorado</subfield><subfield code="c">Dolores</subfield><subfield code="d">Dove Creek.</subfield></datafield><datafield ind1=" " ind2=" " tag="752"><subfield code="a">United States</subfield><subfield code="b">Utah</subfield><subfield code="c">San Juan</subfield><subfield code="d">Monticello.</subfield></datafield><datafield ind1="1" ind2="4" tag="780"><subfield code="t">Dove Creek press (Dove Creek, Colo. : 1940)</subfield><subfield code="w">(DLC)sn 91052538</subfield></datafield><datafield ind1="1" ind2="4" tag="780"><subfield code="t">San Juan record (Monticello, Utah : 1915)</subfield><subfield code="w">(DLC)sn 86091029</subfield><subfield code="w">(OCoLC)13049109</subfield></datafield><datafield ind1="1" ind2="6" tag="785"><subfield code="t">Dove Creek press (Dove Creek, Colo. : 1953)</subfield><subfield code="w">(DLC)sn 86091406</subfield><subfield code="w">(OCoLC)11217328</subfield></datafield><datafield ind1="1" ind2="6" tag="785"><subfield code="t">San Juan record (Monticello, Utah : 1953)</subfield><subfield code="x">0894-3273</subfield><subfield code="w">(DLC)sn 86091407</subfield><subfield code="w">(OCoLC)13979339</subfield></datafield></record>